[gd_scene load_steps=8 format=2]

[ext_resource path="res://scenes/TopologicalStaticBody.tscn" type="PackedScene" id=1]
[ext_resource path="res://models/gridmap/cloud.glb" type="PackedScene" id=2]
[ext_resource path="res://scripts/cloud.gd" type="Script" id=3]
[ext_resource path="res://scripts/FloatingAnimation.gd" type="Script" id=4]

[sub_resource type="BoxShape" id=1]
extents = Vector3( 0.461536, 0.601147, 1.17653 )

[sub_resource type="BoxShape" id=2]
extents = Vector3( 0.322592, 0.513432, 0.249636 )

[sub_resource type="Animation" id=3]
resource_name = "Float"
length = 1.5
loop = true
tracks/0/type = "bezier"
tracks/0/path = NodePath("cloud:translation:x")
tracks/0/interp = 1
tracks/0/loop_wrap = true
tracks/0/imported = false
tracks/0/enabled = true
tracks/0/keys = {
"points": PoolRealArray( 0, -0.25, 0, 0.25, 0 ),
"times": PoolRealArray( 0 )
}
tracks/1/type = "bezier"
tracks/1/path = NodePath("cloud:translation:y")
tracks/1/interp = 1
tracks/1/loop_wrap = true
tracks/1/imported = false
tracks/1/enabled = true
tracks/1/keys = {
"points": PoolRealArray( -0.03, -0.25, 0, 0.25, 0, 0.0305184, -0.25, 0, 0.25, 0, -0.03, -0.25, 0, 0.25, 0 ),
"times": PoolRealArray( 0, 0.8, 1.5 )
}
tracks/2/type = "bezier"
tracks/2/path = NodePath("cloud:translation:z")
tracks/2/interp = 1
tracks/2/loop_wrap = true
tracks/2/imported = false
tracks/2/enabled = true
tracks/2/keys = {
"points": PoolRealArray( 0, -0.25, 0, 0.25, 0 ),
"times": PoolRealArray( 0 )
}

[node name="Cloud" groups=[
"MovingFloor",
] instance=ExtResource( 1 )]
transform = Transform( -4.37114e-08, 0, -1, 0, 1, 0, 1, 0, -4.37114e-08, 0, 0, 0 )
script = ExtResource( 3 )
cloud_speed = 3.0

[node name="CollisionShape" type="CollisionShape" parent="." index="0"]
transform = Transform( 1, 0, 0, 0, 1, 0, 0, 0, 1, 0, -0.168401, 0 )
shape = SubResource( 1 )

[node name="LeftPush" type="Area" parent="." index="1"]
transform = Transform( 1, 0, 1.00513e-08, 0, 0.967249, 0, 1.00513e-08, 0, 1.22995, 0, 0, 0 )

[node name="CollisionShape3" type="CollisionShape" parent="LeftPush" index="0"]
transform = Transform( 1, 0, 0, 0, 1, 0, 0, 0, 1, 0, -0.195, 0.785 )
shape = SubResource( 2 )

[node name="RightPush" type="Area" parent="." index="2"]
transform = Transform( 1, 0, 1.00513e-08, 0, 0.967249, 0, 1.00513e-08, 0, 1.22995, 0, 0, 0 )

[node name="CollisionShape2" type="CollisionShape" parent="RightPush" index="0"]
transform = Transform( 1, 0, 0, 0, 1, 0, 0, 0, 1, -2.26934e-08, -0.195, -0.785164 )
shape = SubResource( 2 )

[node name="DebounceTimer" type="Timer" parent="." index="3"]
wait_time = 0.25
one_shot = true

[node name="visual" type="Spatial" parent="." index="4"]

[node name="cloud" parent="visual" index="0" instance=ExtResource( 2 )]
transform = Transform( 1, 0, -1.59793e-08, 0, 1, 0, 1.24393e-08, 0, 1.28458, 0, -0.0219456, 0 )

[node name="FloatingAnimation" type="AnimationPlayer" parent="visual" index="1"]
anims/Float = SubResource( 3 )
script = ExtResource( 4 )
[connection signal="body_entered" from="LeftPush" to="." method="_on_LeftPush_body_entered"]
[connection signal="body_exited" from="LeftPush" to="." method="_on_LeftPush_body_exited"]
[connection signal="body_entered" from="RightPush" to="." method="_on_RightPush_body_entered"]
[connection signal="body_exited" from="RightPush" to="." method="_on_RightPush_body_exited"]
