[gd_scene load_steps=10 format=2]

[ext_resource path="res://scenes/TopologicalRigidBody.tscn" type="PackedScene" id=1]
[ext_resource path="res://models/gridmap/crate.glb" type="PackedScene" id=2]
[ext_resource path="res://sounds/crate_move.ogg" type="AudioStream" id=3]
[ext_resource path="res://sounds/crate_drop.wav" type="AudioStream" id=4]

[sub_resource type="PhysicsMaterial" id=1]
friction = 2.0

[sub_resource type="Curve" id=4]
min_value = -80.0
max_value = -5.0
_data = [ Vector2( 0, -80 ), 0.0, 204.385, 0, 0, Vector2( 0.169231, -34.3182 ), 20.6818, 20.6818, 0, 0, Vector2( 1, -20 ), 21.4443, 0.0, 0, 0 ]

[sub_resource type="Curve" id=5]
min_value = -80.0
max_value = 0.0
_data = [ Vector2( 0, -44.7273 ), 0.0, 96.4364, 0, 0, Vector2( 1, 0 ), 64.3434, 0.0, 0, 0 ]

[sub_resource type="CylinderShape" id=2]
radius = 0.25

[sub_resource type="BoxShape" id=3]
extents = Vector3( 0.98, 0.98, 1 )

[node name="Crate" instance=ExtResource( 1 )]
physics_material_override = SubResource( 1 )
contacts_reported = 10
contact_monitor = true
axis_lock_angular_z = true
volume_curve = SubResource( 4 )
collision_curve = SubResource( 5 )
collision_min_speed = 1.0
collision_max_speed = 10.0

[node name="CollisionShape" type="CollisionShape" parent="." index="0"]
transform = Transform( 1, 0, 0, 0, -4.37114e-08, -1, 0, 1, -4.37114e-08, -0.75, -0.75, 0 )
shape = SubResource( 2 )

[node name="CollisionShape2" type="CollisionShape" parent="." index="1"]
transform = Transform( 1, 0, 0, 0, -4.37114e-08, -1, 0, 1, -4.37114e-08, 0.75, -0.75, 0 )
shape = SubResource( 2 )

[node name="CollisionShape3" type="CollisionShape" parent="." index="2"]
transform = Transform( 1, 0, 0, 0, -4.37114e-08, -1, 0, 1, -4.37114e-08, -0.75, 0.75, 0 )
shape = SubResource( 2 )

[node name="CollisionShape4" type="CollisionShape" parent="." index="3"]
transform = Transform( 1, 0, 0, 0, -4.37114e-08, -1, 0, 1, -4.37114e-08, 0.75, 0.75, 0 )
shape = SubResource( 2 )

[node name="CollisionShape5" type="CollisionShape" parent="." index="4"]
shape = SubResource( 3 )

[node name="DropSound" type="AudioStreamPlayer3D" parent="CollisionShape5" index="0"]
stream = ExtResource( 4 )
attenuation_model = 3

[node name="SlideSound" type="AudioStreamPlayer3D" parent="CollisionShape5" index="1"]
stream = ExtResource( 3 )
attenuation_model = 3
unit_db = -80.0
pitch_scale = 0.9
autoplay = true

[node name="crate" parent="." index="5" instance=ExtResource( 2 )]
[connection signal="body_entered" from="." to="." method="_on_Crate_body_entered"]
[connection signal="body_exited" from="." to="." method="_on_Crate_body_exited"]
